% This file was created with JabRef 2.6.
% Encoding: UTF-8

%% traditional phase retrieval

@online{Jaganathan,
	author={K. Jaganathan and Yonina C. Eldar and B. Hassibi},
	title={Phase Retrieval: An Overview of Recent Developments},
	date={2015--10--26},
	urldate = {2021--3--5},
	url = {https://arxiv.org/abs/1510.07713}
}

@online{Grohs,
	author={Philipp Grohs and Sarah Koppensteiner and Martin Rathmair},
	title={Phase Retrieval: Uniqueness and Stability}, 
	date={2019--1--23},
	urldate = {2020--2--14},
	url = {https://arxiv.org/abs/1901.07911}
}

@article{Tillmann,
	author    = {Andreas M. Tillmann and Yonina C. Eldar and
	Julien Mairal},
	title     = {DOLPHIn-Dictionary Learning for Phase Retrieval},
	journal   = {IEEE Transactions on Signal Processing},
	year      = {2016},
	volume    = {64},
	number    = {24},
	pages     = {6485--6500}
}

@article{Candes,
	author = {Emmanuel J. Cand{\`e}s and Xiaodong Li and Mahdi Soltanolkotabi},
	title = {Phase Retrieval from Coded Diffraction Patterns},
	journal = {Applied and Computational Harmonic Analysis},
	year = {2015},
	volume = {39},
	number = {2},
	pages = {277--299}
}

@article{Gross,
	title = {Improved Recovery Guarantees for Phase Retrieval from Coded Diffraction Patterns},
	journal = {Applied and Computational Harmonic Analysis},
	volume = {42},
	number = {1},
	pages = {37--64},
	year = {2017},
	author = {D. Gross and F. Krahmer and R. Kueng},
}

@article{Baoshun,
	author = {Baoshun Shi and Qiusheng Lian and Xin Huang and Ni An},
	journal = {Journal of The Optical Society of America {B-optical} Physics},
	number = {6},
	pages = {1271--1281},
	title = {Constrained Phase Retrieval: When Alternating Projection Meets Regularization},
	volume = {35},
	year = {2018},
}

@article{LiYin,
	author    = {练秋生，李颖，陈书贞},
	title     = {融合多种小波与全变差正则化的相位恢复算法},
	journal   = {光学学报},
	year      = {2018},
	volume    = {38},
	number    = {2},
	pages     = {298--305}
}

@article{HouYawei,
	author    = {练秋生，侯亚伟，苏月明，等},
	title     = {基于高斯混合模型的衍射成像算法},
	journal   = {电子学报},
	year      = {2018},
	volume    = {46},
	number    = {10},
	pages     = {2347--2350}
}

@phdthesis{FanQingnan,
	author    = {樊庆楠},
	title     = {基于深度学习的图像处理算法研究},
	school    = {济南:山东大学博士学位论文},
	year      = {2019},
	pages     = {26--79}
}

% Christopher A. Metzler
@INPROCEEDINGS{Metzler0,
	author={C. A. {Metzler} and M. K. {Sharma} and S. {Nagesh} and R. G. {Baraniuk} and O. {Cossairt} and A. {Veeraraghavan}},
	booktitle={Proceedings of International Conference on Computational Photography}, 
	title={Coherent Inverse Scattering via Transmission Matrices: Efficient Phase Retrieval Algorithms and a Public Dataset}, 
	address = {Stanford, USA},
	year={2017},
	pages={1--16}
}

@inproceedings{Metzler1,
	author    = {Christopher A. Metzler and Philip Schniter and Ashok Veeraraghavan and Richard G. Baraniuk},
	title     = {{prDeep:} Robust Phase Retrieval with a Flexible Deep Network},
	booktitle = {{Proceedings of International Conference on Machine Learning}},
	address = {Stockholm, Sweden},
	pages     = {3498--3507},
	year      = {2018}
}

@inproceedings{Metzler2,
	author    = {Christopher A. Metzler and Ali Mousavi and Richard G. Baraniuk},
	title     = {Learned {D-AMP:} Principled Neural Network based Compressive Image
	Recovery},
	booktitle = {{Proceedings of Neural Information Processing Systems}},
	address = {California, USA},
	pages     = {1772--1783},
	year      = {2017}
}

@online{Metzler3,
	title={Unsupervised Learning with Stein's Unbiased Risk Estimator}, 
	author={Christopher A. Metzler and Ali Mousavi and Reinhard Heckel and Richard G. Baraniuk},
	date = {2018--5--26},
	urldate = {2020--6--22}, 
	url = {https://arxiv.org/abs/1805.10531v1e}
}

@inproceedings{Metzler4,
	author    = {Christopher A. Metzler and
	Arian Maleki and Richard G. Baraniuk},
	title     = {{BM3D-PRGAMP:} Compressive Phase Retrieval Based on {BM3D} Denoising},
	booktitle = {{Proceedings of International Conference on Image Processing}},
	address = {Phoenix, USA},
	pages     = {2504--2508},
	year      = {2016}
}


%% Network architecture 
@article{GeDaohui,
	author    = {葛道辉，李洪升，张亮，等},
	title     = {轻量级神经网络架构综述},
	journal   = {软件学报},
	year      = {2020},
	volume    = {31},
	number    = {09},
	pages     = {2627--2653}
}

@article{Khan,
	title={A Survey of the Recent Architectures of Deep Convolutional Neural Networks},
	journal={Artificial Intelligence Review},
	author={Khan, Asifullah and Sohail, Anabia and Zahoora, Umme and Qureshi, Aqsa Saeed},
	year={2020},
	volume={53},
	number={8},
	pages={5455–-5516}
}

@article{Alex,
	author = {Krizhevsky, Alex and Sutskever, Ilya and Hinton, Geoffrey E.},
	title = {ImageNet Classification with Deep Convolutional Neural Networks},
	year = {2017},
	volume = {60},
	number = {6},
	journal = {Communications of the ACM},
	pages = {84--90},
	numpages = {7}
}

@online{Simonyan,
	title={Very Deep Convolutional Networks for Large-Scale Image Recognition}, 
	author={Karen Simonyan and Andrew Zisserman},
	date={2014--9--4},
	urldate = {2015--4--10},
	url = {https://arxiv.org/abs/1409.1556}
}

@INPROCEEDINGS{Kaiming,
	author={K. {He} and X. {Zhang} and S. {Ren} and J. {Sun}},
	booktitle={Proceedings of Computer Vision and Pattern Recogintion}, 
	title={Deep Residual Learning for Image Recognition}, 
	address = {{Las Vegas, USA}},
	year={2016},
	pages={770--778},
}

@inproceedings{Goodfellow,
	author = {Goodfellow, Ian J. and Pouget-Abadie, Jean and Mirza, Mehdi and Xu, Bing and Warde-Farley, David and Ozair, Sherjil and Courville, Aaron and Bengio, Yoshua},
	title = {Generative Adversarial Nets},
	year = {2014},
	address = {Cambridge, USA},
	booktitle = {Proceedings of International Conference on Neural Information Processing Systems},
	pages = {2672–-2680},
	numpages = {9},
	location = {Montreal, Canada}
}

@inproceedings{Ronneberger,
	author    = {Olaf Ronneberger and
	Philipp Fischer and
	Thomas Brox},
	title     = {U-Net: Convolutional Networks for Biomedical Image Segmentation},
	booktitle = {{Medical Image Computing and Computer-Assisted Intervention}},
	pages     = {234--241},
	address    = {Munich, Germany},
	year      = {2015}
}


%% optimization algorithms

%% Stephen Boyd

@article{Stephen1,
	title={Distributed Optimization and Statistical Learning via the Alternating Direction Method of Multipliers},
	author={ Boyd, Stephen  and  Parikh, Neal  and  Chu, Eric  and  Peleato, Borja  and  Eckstein, Jonathan },
	journal={Foundations and Trends in Machine Learning},
	volume={3},
	number={1},
	pages={13--56},
	year={2010}
}

@article{Stephen2,
	title={Proximal Algorithms},
	author={ Parikh, Neal  and  Boyd, Stephen },
	journal={Foundations and Trends in Optimization},
	volume={1},
	number={3},
	pages={127--239},
	year={2014},
}

@book{Stephen3,
	author    = {Stephen P. Boyd and Lieven Vandenberghe},
	title     = {Convex Optimization},
	Address   = {Cambridge},
	publisher = {Cambridge University Press},
	year      = {2004},
	pages = {127--188}
}

@online{Goldstein,
	title={A Field Guide to Forward-Backward Splitting with a FASTA Implementation},
	author={T. Goldstein and Christoph Studer and Richard Baraniuk},
	date={2014--11--13},
	urldate = {2016--10--28},
	url = {https://arxiv.org/abs/1901.07911}
}

@article{Heide,
	title={ProxImaL: Efficient Image Optimization Using Proximal Algorithms},
	author={ Heide, Felix  and  Diamond, Steven  and  Niener, Matthias  and  Ragan-Kelley, Jonathan  and  Heidrich, Wolfgang  and  Wetzstein, Gordon },
	journal={ACM Transactions on Graphics},
	volume={35},
	number={4},
	pages={84},
	year={2016},
}

@article{Thomas,
	author    = {Thomas M{\"{o}}llenhoff and
	Evgeny Strekalovskiy and
	Michael M{\"{o}}ller and
	Daniel Cremers},
	title     = {The Primal-Dual Hybrid Gradient Method for Semiconvex Splittings},
	journal   = {SIAM Journal on Imaging Sciences},
	volume    = {8},
	number    = {2},
	pages     = {827--857},
	year      = {2015}
}

@article{Chambolle1,
	author    = {Antonin Chambolle and
	Thomas Pock},
	title     = {A First-Order Primal-Dual Algorithm for Convex Problems with Applications
	to Imaging},
	journal   = {Journal of Mathematical Imaging and Vision},
	volume    = {40},
	number    = {1},
	pages     = {120--145},
	year      = {2011}
}

@article{Chambolle2,
	author    = {Antonin Chambolle and
	Matthias Joachim Ehrhardt and
	Peter Richt{\'{a}}rik and
	Carola{-}Bibiane Sch{\"{o}}nlieb},
	title     = {Stochastic Primal-Dual Hybrid Gradient Algorithm with Arbitrary Sampling and Imaging Applications},
	journal   = {SIAM Journal on Control and Optimization},
	volume    = {28},
	number    = {4},
	pages     = {2783--2808},
	year      = {2018}
}

@article{Andreas,
	author    = {Andreas Themelis and
	Panagiotis Patrinos},
	title     = {Douglas-Rachford Splitting and {ADMM} for Non-convex Optimization:
	Tight Convergence Results},
	journal   = {SIAM Journal on Control and Optimization},
	volume    = {30},
	number    = {1},
	pages     = {149--181},
	year      = {2020}
}

@inproceedings{Xu,
	author={Z. {Xu} and M. A. T. {Figueiredo} and X. {Yuan} and C. {Studer} and T. {Goldstein}},
	booktitle={Proceedings of Computer Vision and Pattern Recognition}, 
	title={Adaptive Relaxed ADMM: Convergence Theory and Practical Implementation}, 
	address = {Honolulu, USA},
	year={2017},
	pages={7234--7243}
}

@online{Fengmiao,
	title={A Parameterized Douglas-Rachford Splitting Algorithm for Non-convex Optimization}, 
	author={Fengmiao Bian and Xiaoqun Zhang},
	date={2019--12--12},
	urldate = {2020--6--16},
	url = {https://arxiv.org/abs/1910.05544}
}

@online{Martin,
	title={First Order Algorithms in Variational Image Processing}, 
	author={Martin Burger and Alex Sawatzky and Gabriele Steidl},
	date={2014--12--13},
	urldate = {2021--3--15},
	url = {https://arxiv.org/abs/1412.4237}
}

@article{PanShaohua,
	author    = {潘少华，文再文},
	title     = {低秩稀疏矩阵优化问题的模型与算法},
	journal   = {运筹学学报},
	year      = {2020},
	volume    = {24},
	number    = {03},
	pages     = {1--26}
}

@phdthesis{SunTao,
	author    = {孙涛},
	title     = {机器学习中部分非凸和随机算法研究},
	school    = {长沙:国防科技大学博士学位论文},
	pages     = {11--53},
	year      = {2018}
}

% Deep learning optimization

@inproceedings{Chi,
	author    = {Chi Jin and
	Rong Ge and
	Praneeth Netrapalli and
	Sham M. Kakade and
	Michael I. Jordan},
	title     = {How to Escape Saddle Points Efficiently},
	booktitle = {{Proceedings of International Conference on Machine Learning}},
	pages     = {1724--1732},
	address = {Sydney, Australia},
	year      = {2017}
}

@ARTICLE{Liu,
	author={R. {Liu} and S. {Cheng} and Y. {He} and X. {Fan} and Z. {Lin} and Z. {Luo}},
	journal={IEEE Transactions on Pattern Analysis and Machine Intelligence}, 
	title={On the Convergence of Learning-Based Iterative Methods for Non-convex Inverse Problems}, 
	year={2020},
	volume={42},
	number={12},
	pages={3027--3039}
}

@online{Ruoyu,
	title={Optimization for Deep Learning: Theory and Algorithms}, 
	author={Ruoyu Sun},
	date = {2018--12--19},
	urldate = {2020--3--15},
	url={https://arxiv.org/abs/1912.08957}
}

@article{Cong,
	author    = {Cong Ma and
	Kaizheng Wang and
	Yuejie Chi and
	Yuxin Chen},
	title     = {Implicit Regularization in Non-convex Statistical Estimation: Gradient
	Descent Converges Linearly for Phase Retrieval, Matrix Completion,
	and Blind Deconvolution},
	journal   = {Foundations of Computational Mathematics},
	volume    = {20},
	number    = {3},
	pages     = {451--632},
	year      = {2020}
}

@conference{Xiangyi,
	title = {On the Convergence of a Class of Adam-type Algorithms for Non-convex Optimization},
	author = {Xiangyi Chen and Sijia Liu and Ruoyu Sun and Mingyi Hong},
	booktitle = {{Proceedings of International Conference on Learning Representations}},
	pages     = {1724--1732},
	address = {New Orleans, USA},
	year      = {2019}
}

@online{Danilova,
	title={Recent Theoretical Advances in Non-convex Optimization}, 
	author={Marina Danilova and Pavel Dvurechensky and Alexander Gasnikov and Eduard Gorbunov and Sergey Guminov and Dmitry Kamzolov and Innokentiy Shibaev},
	date = {2020--12--11},
	urldate = {2020--3--15},
	url={https://arxiv.org/abs/2012.06188}

}

@online{Dongruo,
	title={Stochastic Nested Variance Reduction for Non-convex Optimization}, 
	author={Dongruo Zhou and Pan Xu and Quanquan Gu},
	date = {2018--6--20},
	urldate = {2020--10--19},
	url={https://arxiv.org/abs/2012.06188}

}

%% Consensus Equilibrium
@article{Gregery,
	author    = {Gregery T. Buzzard and
	Stanley H. Chan and
	Suhas Sreehari and
	Charles A. Bouman},
	title     = {Plug-and-Play Unplugged: Optimization-Free Reconstruction Using Consensus
	Equilibrium},
	journal   = {SIAM Journal on Imaging Sciences},
	volume    = {11},
	number    = {3},
	pages     = {2001--2020},
	year      = {2018}
}

@article{Joon,
	author    = {Joon Hee Choi and
	Omar A. Elgendy and
	Stanley H. Chan},
	title     = {Optimal Combination of Image Denoisers},
	journal   = {IEEE Transactions on Image Processing},
	volume    = {28},
	number    = {8},
	pages     = {4016--4031},
	year      = {2019}
}

@INPROCEEDINGS{Kamilov,
	author={U. S. {Kamilov}},
	booktitle={Proceedings of International Conference on Acoustics, Speech and Signal Processing}, 
	title={Parallel Proximal Methods for Total Variation Minimization}, 
	address = {Shanghai, China},
	year={2016},
	pages={4697--4701}

}

@article{Xiran,
	title = {Automatic Foreground Extraction from Imperfect Backgrounds Using Multi-agent Consensus Equilibrium},
	journal = {Journal of Visual Communication and Image Representation},
	volume = {72},
	pages = {102--907},
	number = {1},
	year = {2020},
	author = {Xiran Wang and Jason Juang and Stanley H. Chan}
}

%% accelerated optimization algorithms

@article{Hong,
	title = {Acceleration of RED via Vector Extrapolation},
	journal = {Journal of Visual Communication and Image Representation},
	volume = {63},
	pages = {102--575},
	number = {1},
	year = {2019},
	author = {Tao Hong and Yaniv Romano and Michael Elad}
}

@inproceedings{Zihui,
	author    = {Zihui Wu and
	Yu Sun and
	Jiaming Liu and
	Ulugbek Kamilov},
	title     = {Online Regularization by Denoising with Applications to Phase Retrieval},
	booktitle = {Proceedings of International Conference on Computer Vision},
	pages     = {3887--3895},
	address = {Seoul, South Korea},
	year      = {2019}
}

@article{Sun1,
	author    = {Yu Sun and
	Brendt Wohlberg and
	Ulugbek S. Kamilov},
	title     = {An Online Plug-and-Play Algorithm for Regularized Image Reconstruction},
	journal   = {IEEE Transactions on Computational Imaging},
	volume    = {5},
	number    = {3},
	pages     = {395--408},
	year      = {2019}
}

@ARTICLE{Sun2,
	author={Y. {Sun} and J. {Liu} and U. S. {Kamilov}},
	journal={IEEE Transactions on Computational Imaging}, 
	title={Block Coordinate Regularization by Denoising}, 
	year={2020},
	volume={6},
	number={1},
	pages={908--921}
}


%% Image denoising

@article{Chunwei,
	title = {Deep Learning on Image Denoising: An Overview},
	author = {Chunwei Tian and Lunke Fei and Wenxian Zheng and Yong Xu and Wangmeng Zuo and Chia-Wen Lin},
	journal = {Neural Networks},
	volume = {131},
	number = {1},
	pages = {251--275},
	year = {2020}
}

@article{Vincent,
	author = {Vincent, Pascal and Larochelle, Hugo and Lajoie, Isabelle and Bengio, Yoshua and Manzagol, Pierre-Antoine},
	title = {Stacked Denoising Autoencoders: Learning Useful Representations in a Deep Network with a Local Denoising Criterion},
	year = {2010},
	volume = {11},
	journal = {Journal of Machine Learning Research},
	pages = {3371–-3408},
	numpages = {38}
}

@article{Kostadin,
	author    = {Kostadin Dabov and
	Alessandro Foi and
	Vladimir Katkovnik and
	Karen O. Egiazarian},
	title     = {Image Denoising by Sparse 3-D Transform-Domain Collaborative Filtering},
	journal   = {IEEE Transactions on Image Processing},
	volume    = {16},
	number    = {8},
	pages     = {2080--2095},
	year      = {2007}
}


@article{Kai,
	author    = {Kai Zhang and
	Wangmeng Zuo and
	Yunjin Chen and
	Deyu Meng and
	Lei Zhang},
	title     = {Beyond a Gaussian Denoiser: Residual Learning of Deep {CNN} for Image
	Denoising},
	journal   = {IEEE Transactions on Image Processing},
	volume    = {26},
	number    = {7},
	pages     = {3142--3155},
	year      = {2017}
}

@inproceedings{Siavash,
	author    = {Siavash Arjomand Bigdeli and
	Matthias Zwicker},
	title     = {Image Restoration using Autoencoding Priors},
	booktitle = {International Conference on Computer Vision Theory and Applications},
	pages     = {33--44},
	address = {Funchal Madeira, Portugal },
	year      = {2018}
}

@article{Yankun,
	author = {Yankun Wang and Qiegen Liu and Huilin Zhou and cYuhao Wang}, 
	title = {Learning Multi-denoising Autoencoding Priors for Image Super-resolution},
	journal = {Journal of Visual Communication and Image Representation},
	volume = {57},
	number = {1},
	pages = {152--162},
	year = {2018}
}

@inproceedings{Zhang,
	author={X. {Liu} and M. {Zhang} and Q. {Liu} and T. {Xiao} and H. {Zheng} and L. {Ying} and S. {Wang}},
	booktitle={Proceedings of International Symposium on Biomedical Imaging}, 
	title={Multi-Contrast Mr Reconstruction with Enhanced Denoising Autoencoder Prior Learning}, 
	address = {Iowa City, USA},
	year={2020},
	pages={1--5}
}

@article{Buades,
	title   = {{Non-Local Means Denoising}},
	author  = {Buades, Antoni and Coll, Bartomeu and Morel, Jean-Michel},
	journal = {{Image Processing On Line}},
	volume  = {1},
	number  = {1},
	pages   = {208--212},
	year    = {2011}
}

@InProceedings{Ernest,
	title = {Plug-and-Play Methods Provably Converge with Properly Trained Denoisers}, 
	author = {Ryu, Ernest and Liu, Jialin and Wang, Sicheng and Chen, Xiaohan and Wang, Zhangyang and Yin, Wotao}, 
	booktitle = {Proceedings of International Conference on Machine Learning},
	address = {Long Beach, USA},
	pages = {5546--5557}, 
	year = {2019}
}

@online{Fazlyab,
	title={Efficient and Accurate Estimation of Lipschitz Constants for Deep Neural Networks}, 
	author={Mahyar Fazlyab and Alexander Robey and Hamed Hassani and Manfred Morari and George J. Pappas},
	date = {2019--6--12},
	urldate = {2021--3--15}, 
	url = {https://arxiv.org/abs/1906.04893}
}

%% deep unroll
@inproceedings{Yan,
	author    = {Yan Yang and
	Jian Sun and
	Huibin Li and
	Zongben Xu},
	title     = {Deep ADMM-Net for Compressive Sensing {MRI}},
	booktitle = {{Proceedings of Neural Information Processing Systems}},
	pages     = {10--18},
	address = {barcelona, Spain},
	year      = {2016}
}


%% plug-play prior
@inproceedings{ZhangKai,
	author    = {Kai Zhang and
	Wangmeng Zuo and
	Shuhang Gu and
	Lei Zhang},
	title     = {Learning Deep {CNN} Denoiser Prior for Image Restoration},
	booktitle = {{Proceedings of Computer Vision and Pattern Recognition}},
	pages     = {2808--2817},
	address = {{Honolulu, USA}},
	year      = {2017}
}

@article{Shunsuke,
	author    = {Shunsuke Ono},
	title     = {Primal-Dual Plug-and-Play Image Restoration},
	journal   = {{IEEE} Signal Processing Letters},
	volume    = {24},
	number    = {8},
	pages     = {1108--1112},
	year      = {2017}
}

@article{Stanley,
	author    = {Stanley H. Chan and
	Xiran Wang and
	Omar A. Elgendy},
	title     = {Plug-and-Play {ADMM} for Image Restoration: Fixed-Point Convergence
	and Applications},
	journal   = {{IEEE} Transactions on Computational Imaging},
	volume    = {3},
	number    = {1},
	pages     = {84--98},
	year      = {2017}
}


%% RED
@article{Romano,
	author    = {Yaniv Romano and
	Michael Elad and
	Peyman Milanfar},
	title     = {The Little Engine That Could: Regularization by Denoising {(RED)}},
	journal   = {SIAM Journal on Imaging Sciences},
	volume    = {10},
	number    = {4},
	pages     = {1804--1844},
	year      = {2017}
}


%% deep image prior
@article{Ulyanov,
	author    = {Dmitry Ulyanov and
	Andrea Vedaldi and
	Victor S. Lempitsky},
	title     = {Deep Image Prior},
	journal   = {International Journal of Computer Vision},
	volume    = {128},
	number    = {7},
	pages     = {1867--1888},
	year      = {2020}
}

@inproceedings{Mahendran,
	author    = {Aravindh Mahendran and
	Andrea Vedaldi},
	title     = {Understanding Deep Image Representations by Inverting Them},
	booktitle = {{Proceedings of Internaltional Conference on Computer Vision and Pattern Recogintion}},
	pages     = {5188--5196},
	address = {Boston, USA},
	year      = {2015}
}

@InProceedings{Mataev,
	author = {Mataev, Gary and Milanfar, Peyman and Elad, Michael},
	title = {DeepRED: Deep Image Prior Powered by RED},
	booktitle = {Proceedings of International Conference on Computer Vision},
	address = {Seoul, Korea},
	pages = {0--0},
	year = {2019}
}


@inproceedings{Hand,
	title = {Phase Retrieval Under a Generative Prior},
	author = {Hand, Paul and Leong, Oscar and Voroninski, Vlad},
	booktitle = {Proceedings of Neural Information Processing Systems},
	address = {Montreal, Canada},
	pages = {9136--9146},
	year = {2018}
}

@inproceedings{Jagatap,
	title = {Algorithmic Guarantees for Inverse Imaging with Untrained Network Priors},
	author = {Jagatap, Gauri and Hegde, Chinmay},
	booktitle = {Proceedings of Neural Information Processing Systems},
	address = {Vancouver, Canada},
	pages = {14832--14842},
	year = {2019}
}

@online{Tobias,
	title={Phase Retrieval Using Conditional Generative Adversarial Networks},
	author={Tobias Uelwer and Alexander Oberstrass and S. Harmeling},
	date = {2019--12--10},
	urldate = {2020--6--8},
	url = {https://arxiv.org/abs/1912.04981}
}


%% reinforcement learning
@inproceedings{Kaixuan,
	title={Tuning-free Plug-and-Play Proximal Algorithm for Inverse Imaging
	Problems},
	author={Kaixuan, Wei and Angelica, Aviles-Rivero and Jingwei, Liang and Ying, Fu and Carola-Bibiane, Schnlieb and Hua, Huang},
	booktitle={Proceedings of International Conference on Machine Learning},
	address = {{Vienna, Austria}},
	pages={10158--10169},
	year={2020}
}

@article{Chenyang,
	author    = {Chenyang Shen and
	Yesenia Gonzalez and
	Liyuan Chen and
	Steve B. Jiang and
	Xun Jia},
	title     = {Intelligent Parameter Tuning in Optimization-Based Iterative {CT}
	Reconstruction via Deep Reinforcement Learning},
	journal   = {{IEEE} Transactions on Medical Imaging},
	volume    = {37},
	number    = {6},
	pages     = {1430--1439},
	year      = {2018}
}

@inproceedings{Hasselt,
	author    = {Hado Van Hasselt and
	Arthur Guez and
	David Silver},
	title     = {Deep Reinforcement Learning with Double Q-Learning},
	booktitle = {Proceedings of Association for the Advance of Artificial Intelligence},
	address = {{Phoenix, USA}},
	pages = {2094--2100},
	year  = {2016}
}

@inproceedings{Schaul,
	author    = {Tom Schaul and
	John Quan and
	Ioannis Antonoglou and
	David Silver},
	title     = {Prioritized Experience Replay},
	booktitle = {{International Conference on Learning Representations}},
	address = {{San Juan, Puerto Rico}},
	pages  = {1--21},
	year   = {2016}
}

@inproceedings{Bellemare,
	author    = {Marc G. Bellemare and
	Will Dabney and
	R{\'{e}}mi Munos},
	title     = {A Distributional Perspective on Reinforcement Learning},
	booktitle = {{Proceedings of International Conference on Learning Representations}},
	address = {{Toulon, France}},
	pages     = {449--458},
	year      = {2017}
}

@inproceedings{Matteo,
	author    = {Matteo Hessel and
	Joseph Modayil and
	Hado van Hasselt and
	Tom Schaul and
	Georg Ostrovski and
	Will Dabney and
	Dan Horgan and
	Bilal Piot and
	Mohammad Gheshlaghi Azar and
	David Silver},
	title     = {Rainbow: Combining Improvements in Deep Reinforcement Learning},
	booktitle = {{Proceedings of Association for the Advance of Artificial Intelligence}},
	pages     = {3215--3222},
	address = {{New Orleans, USA}},
	year      = {2018}
}

@inproceedings{Dabney1,
	author    = {Will Dabney and
	Mark Rowland and
	Marc G. Bellemare and
	R{\'{e}}mi Munos},
	title     = {Distributional Reinforcement Learning With Quantile Regression},
	booktitle = {{Proceedings of Association for the Advance of Artificial Intelligence}},
	pages     = {2892--2901},
	address = {{New Orleans, USA}},
	year      = {2018}
}

@inproceedings{Dabney2,
	author    = {Will Dabney and
	Georg Ostrovski and
	David Silver and
	R{\'{e}}mi Munos},
	title     = {Implicit Quantile Networks for Distributional Reinforcement Learning},
	booktitle = {{Proceedings of International Conference on Machine Learning}},
	pages     = {1104--1113},
	address  = {{Stockholm, SWEDEN}},
	year      = {2018}
}

@article{Volodymyr,
	author    = {Volodymyr Mnih and
	Koray Kavukcuoglu and
	David Silver and
	Andrei A. Rusu and
	Joel Veness and
	Marc G. Bellemare and
	Alex Graves and
	Martin A. Riedmiller and
	Andreas Fidjeland and
	Georg Ostrovski and
	Stig Petersen and
	Charles Beattie and
	Amir Sadik and
	Ioannis Antonoglou and
	Helen King and
	Dharshan Kumaran and
	Daan Wierstra and
	Shane Legg and
	Demis Hassabis},
	title     = {Human-level Control through Deep Reinforcement Learning},
	journal   = {Nature Communications},
	volume    = {518},
	number    = {7540},
	pages     = {529--533},
	year      = {2015}
}

@Comment{jabref-meta: databaseType:bibtex;}